<?xml version="1.0" encoding="UTF-8"?><collection><record><leader>05750ntm a2200553 a 4500</leader><controlfield tag="001">006305590</controlfield><controlfield tag="003">MiAaHDL</controlfield><controlfield tag="005">20190719000000.0</controlfield><controlfield tag="006">m        d        </controlfield><controlfield tag="007">cr bn ---auaua</controlfield><controlfield tag="008">090417q13uu14uuxx            00| ||ara d</controlfield><datafield tag="035" ind1=" " ind2=" "><subfield code="a">(MiU)006305590</subfield></datafield><datafield tag="035" ind1=" " ind2=" "><subfield code="a">sdr-miu006305590</subfield></datafield><datafield tag="040" ind1=" " ind2=" "><subfield code="a">MiU</subfield><subfield code="c">MiU</subfield><subfield code="e">amremm</subfield></datafield><datafield tag="043" ind1=" " ind2=" "><subfield code="a">n-us-mi</subfield></datafield><datafield tag="100" ind1="1" ind2=" "><subfield code="6">880-01</subfield><subfield code="a">Ibn al-Sāʻātī, Aḥmad ibn ʻAlī,</subfield><subfield code="d">1254-1294 or 1295.</subfield></datafield><datafield tag="240" ind1="1" ind2="0"><subfield code="6">880-02</subfield><subfield code="a">Majmaʻ al-baḥrayn wa-multaqá al-nayyirayn</subfield></datafield><datafield tag="245" ind1="1" ind2="0"><subfield code="6">880-03</subfield><subfield code="a">Kitāb Majmaʻ al-baḥrayn,</subfield><subfield code="f">[late 14th or 15th century].</subfield></datafield><datafield tag="246" ind1="3" ind2=" "><subfield code="6">880-04</subfield><subfield code="i">Edge title:</subfield><subfield code="a">Majmaʻ al-baḥrayn</subfield></datafield><datafield tag="260" ind1=" " ind2=" "><subfield code="c">[13-- or 14--].</subfield></datafield><datafield tag="300" ind1=" " ind2=" "><subfield code="a">142 leaves :</subfield><subfield code="b">paper ;</subfield><subfield code="c">280 x 175 (170 x 111) mm. bound to 280 x 180-185 mm.</subfield></datafield><datafield tag="500" ind1=" " ind2=" "><subfield code="a">Shelfmark: Ann Arbor, University of Michigan, Special Collections Library, Isl. Ms. 81</subfield></datafield><datafield tag="500" ind1=" " ind2=" "><subfield code="a">Origin: Lacks dated colophon but paper and hand would suggest late 14th or 15th century.</subfield></datafield><datafield tag="500" ind1=" " ind2=" "><subfield code="a">Accompanying materials: Slip of heavy European laid paper with excerpts in black ink inserted after p.16 (paginated p.17-18).</subfield></datafield><datafield tag="500" ind1=" " ind2=" "><subfield code="a">Former shelfmark: British Museum, London "No. 86. Commentary on Majma al-bahrain."</subfield></datafield><datafield tag="500" ind1=" " ind2=" "><subfield code="a">Binding: Pasteboards covered in marbled paper (in several shades of blue, pink, yellow, white, etc., now faded or even lost from upper and lower covers, best visible on envelope flap) with dark red brown leather over spine, fore-edge flap, and edges/turn-ins ; Type II binding (with flap) ; board linings in yellow-tinted laid paper ; sewn in cream thread, two stations ; worked endbands in light blue and yellow ; in poor condition with much abrasion, staining, lifting and cracking of leather, moisture damage, pest damage, warping of flap, etc.</subfield></datafield><datafield tag="500" ind1=" " ind2=" "><subfield code="a">Support: non-European (Arab) laid paper with 7-8 laid horizontal lines per cm., some sagging and curving ; vertical chain lines appear grouped in threes with 9-11 mm. between the chains and roughly 48 mm. between the groups ; quite thick and lightly burnished ; some ink burn.</subfield></datafield><datafield tag="500" ind1=" " ind2=" "><subfield code="a">Decoration: Text partially rubricated with section headings, sigla, overlining, etc. in red.</subfield></datafield><datafield tag="500" ind1=" " ind2=" "><subfield code="a">Script: Naskh ; supplied in two main hands, with marginalia and final matter in several additional hands ; opens in an elegant Persian (?) hand, more of a naskh-nastaʻlīq, essentially serifless, effect of words descending to baseline, letterforms reminiscent of nastaʻlīq ; at fol.17a (p.35) hand changes to neat Turkish or Persian hand (?), essentially serifless, mainly closed counters, some assimilation of letters such as rāʼ with final hāʼ, very slight effect of slant to the left ; line thickness and ink varies in certain sections ; headings provided in larger script approaching tawqīʻ.</subfield></datafield><datafield tag="500" ind1=" " ind2=" "><subfield code="a">Layout: Written in 13 lines per page ; frame-ruled.</subfield></datafield><datafield tag="500" ind1=" " ind2=" "><subfield code="a">Collation: III (6), V (16), 15 IV(136), III (142) ; chiefly quaternions ; catchwords present for every folio of first two quires, thereafter appear only on final folio of each quire ; foliation in black ink, Hindu-Arabic numerals, recto of each leaf (begins with ٢ on fol.2/p.3, mistakenly repeats ۹۷, and ends at ۱۳٥ rather than continuing to the end) ; pagination in pencil, Western numerals, supplied during digitization (mistakenly skips two pages between pp.171-172, includes insert).</subfield></datafield><datafield tag="500" ind1=" " ind2=" "><subfield code="a">Explicit: "ثم قسم الباقي على سهام من بقي منهم والله اعلم بالصواب"</subfield></datafield><datafield tag="500" ind1=" " ind2=" "><subfield code="a">Incipit: "الحمد لله جاعل العلماء انجما للاهتداء زاهرة واعلاما للاقتداء طاهرة ... اما بعد فهذا كتاب يصغر للحفاظ حجمه ... وهذا مجمع البحرين وهما النيران المشرقان وهذا ملتقى النيرين وهما احدهما يهدي الى فقه المذهب الذي هو من اشرف المطالب والاخر يعرف الخلاف بين المذاهب ..."</subfield></datafield><datafield tag="500" ind1=" " ind2=" "><subfield code="a">Title from inscription on 'title page' fol.1a (p.1).</subfield></datafield><datafield tag="500" ind1=" " ind2=" "><subfield code="a">Ms. codex.</subfield></datafield><datafield tag="510" ind1="4" ind2=" "><subfield code="a">Ḥājjī Khalīfah. Kasf al-ẓunūn,</subfield><subfield code="c">v 396, no.11436</subfield></datafield><datafield tag="510" ind1="4" ind2=" "><subfield code="a">Brockelmann, C. GAL,</subfield><subfield code="c">I 383 (49/1)</subfield></datafield><datafield tag="520" ind1="8" ind2=" "><subfield code="a">Neat copy of Muẓaffar al-Dīn Aḥmad ibn ʻAlī Ibn al-Sāʻātī's compendium on Ḥanafī law, based on the Mukhtaṣar of al-Qudūrī (d. 428/1037) and the Manẓūmah of al-Nasafī (d. 537/1142).</subfield></datafield><datafield tag="538" ind1=" " ind2=" "><subfield code="a">Mode of access: Internet.</subfield></datafield><datafield tag="541" ind1=" " ind2=" "><subfield code="c">Purchase ;</subfield><subfield code="a">Acquired by purchase along with Abdul Hamid Collection (funds donated by Horace Rackham).</subfield><subfield code="d">1924.</subfield></datafield><datafield tag="546" ind1=" " ind2=" "><subfield code="a">Arabic.</subfield></datafield><datafield tag="561" ind1=" " ind2=" "><subfield code="a">Bookplate of British Museum, London on inner front cover, British Museum, London "No. 86. Commentary on Majma al-bahrain." circular seal impression with figure of goat/gazelle in purple ink as well as inscription "282" [?] in Western numerals on fol.1a (p.1) ; faint, only partially visible inscription in same purple pencil (as numerals) at head of fol.1a (p.1) ; numerous interlinear and marginal corrections and glosses (though lacking in latter quires) ; table of contents on fol.1a (p.1) ; followed by various excerpts in the final folia ; ownership statement partially visible on upper cover.</subfield></datafield><datafield tag="650" ind1=" " ind2="0"><subfield code="a">Manuscripts, Arabic</subfield><subfield code="z">Michigan</subfield><subfield code="z">Ann Arbor.</subfield></datafield><datafield tag="650" ind1=" " ind2="0"><subfield code="a">Hanafites</subfield><subfield code="v">Early works to 1800.</subfield></datafield><datafield tag="650" ind1=" " ind2="0"><subfield code="a">Islamic law</subfield><subfield code="v">Early works to 1800.</subfield></datafield><datafield tag="773" ind1="0" ind2=" "><subfield code="a">Tiflis Collection.</subfield></datafield><datafield tag="880" ind1="3" ind2=" "><subfield code="6">246-04/</subfield><subfield code="a">مجمع البحرين</subfield></datafield><datafield tag="880" ind1="1" ind2="0"><subfield code="6">245-03/</subfield><subfield code="a">كتاب مجمع البحرين,</subfield><subfield code="f">[اواخر القرن 14 أو القرن 15م].</subfield></datafield><datafield tag="880" ind1="1" ind2="0"><subfield code="6">240-02/</subfield><subfield code="a">مجمع البحرين وملتقى النيرين</subfield></datafield><datafield tag="880" ind1="1" ind2=" "><subfield code="6">100-01/</subfield><subfield code="a">ابن الساعاتي، احمد بن علي.</subfield></datafield><datafield tag="CID" ind1=" " ind2=" "><subfield code="a">006305590</subfield></datafield><datafield tag="DAT" ind1="0" ind2=" "><subfield code="a">20190719102634.0</subfield><subfield code="b">20190719000000.0</subfield></datafield><datafield tag="DAT" ind1="1" ind2=" "><subfield code="a">20190719090653.0</subfield><subfield code="b">2019-07-19T16:11:15Z</subfield></datafield><datafield tag="DAT" ind1="2" ind2=" "><subfield code="a">2015-10-10T18:00:06Z</subfield></datafield><datafield tag="CAT" ind1=" " ind2=" "><subfield code="a">SDR-MIU</subfield><subfield code="d">EX LIBRIS - ALEPH</subfield><subfield code="l">prepare.pl-004-008</subfield></datafield><datafield tag="FMT" ind1=" " ind2=" "><subfield code="a">BK</subfield></datafield><datafield tag="HOL" ind1=" " ind2=" "><subfield code="0">sdr-miu006305590</subfield><subfield code="a">MiU</subfield><subfield code="b">SDR</subfield><subfield code="c">MIU</subfield><subfield code="p">mdp.39015079124882</subfield><subfield code="s">MIU</subfield><subfield code="1">006305590</subfield></datafield><datafield tag="974" ind1=" " ind2=" "><subfield code="b">MIU</subfield><subfield code="c">MIU</subfield><subfield code="d">20190719</subfield><subfield code="s">lit-dlps-dc</subfield><subfield code="u">mdp.39015079124882</subfield><subfield code="y">1499</subfield><subfield code="r">pd</subfield><subfield code="q">bib</subfield><subfield code="t">non-US bib date2 &lt; 1896</subfield></datafield></record></collection>